<record><leader>00000cas a22000007a 4500</leader><controlfield tag="001">22292911</controlfield><controlfield tag="008">900829d19731984mnuwr ne      0    0eng d</controlfield><datafield ind1=" " ind2=" " tag="010"><subfield code="a">sn 90060232 </subfield></datafield><datafield ind1=" " ind2=" " tag="040"><subfield code="a">MN#</subfield><subfield code="b">eng</subfield><subfield code="c">MN#</subfield><subfield code="d">DLC</subfield><subfield code="d">OCLCQ</subfield><subfield code="d">OCLCF</subfield><subfield code="d">OCLCO</subfield></datafield><datafield ind1="1" ind2=" " tag="029"><subfield code="a">AU@</subfield><subfield code="b">000025905326</subfield></datafield><datafield ind1=" " ind2=" " tag="042"><subfield code="a">msc</subfield></datafield><datafield ind1=" " ind2=" " tag="043"><subfield code="a">n-us-mn</subfield></datafield><datafield ind1=" " ind2=" " tag="052"><subfield code="a">4144</subfield><subfield code="b">E3</subfield></datafield><datafield ind1=" " ind2=" " tag="052"><subfield code="a">4143</subfield><subfield code="b">H4</subfield></datafield><datafield ind1="0" ind2=" " tag="130"><subfield code="a">Sun (Edina, Minn. : St. Louis Park community ed.)</subfield></datafield><datafield ind1="0" ind2="0" tag="245"><subfield code="a">Sun.</subfield></datafield><datafield ind1="1" ind2="3" tag="246"><subfield code="a">St. Louis Park sun</subfield></datafield><datafield ind1="3" ind2="0" tag="246"><subfield code="a">Saint Louis Park sun</subfield></datafield><datafield ind1=" " ind2=" " tag="250"><subfield code="a">St. Louis Park community ed.</subfield></datafield><datafield ind1=" " ind2=" " tag="260"><subfield code="a">[Edina, Minn. :</subfield><subfield code="b">s.n.]</subfield></datafield><datafield ind1=" " ind2=" " tag="300"><subfield code="a">v.</subfield></datafield><datafield ind1=" " ind2=" " tag="310"><subfield code="a">Weekly,</subfield><subfield code="b">June 14, 1978-Apr. 4, 1984</subfield></datafield><datafield ind1=" " ind2=" " tag="321"><subfield code="a">Weekly,</subfield><subfield code="b">Aug. 16, 1973-Feb. 2, 1977</subfield></datafield><datafield ind1=" " ind2=" " tag="321"><subfield code="a">Semiweekly,</subfield><subfield code="b">Feb. 9, 1977-June 7, 1978</subfield></datafield><datafield ind1="0" ind2=" " tag="362"><subfield code="a">Vol. 73, no. 9 (Aug. 16, 1973)-v. 76, no. 2 (July 28, 1976) ; v. 4, no. 31 (Aug. 4, 1976)-v. 12, no. 28 (Apr. 4, 1984).</subfield></datafield><datafield ind1=" " ind2=" " tag="530"><subfield code="a">Available on microfilm from the Minnesota Historical Society.</subfield></datafield><datafield ind1=" " ind2="0" tag="651"><subfield code="a">Edina (Minn.)</subfield><subfield code="v">Newspapers.</subfield></datafield><datafield ind1=" " ind2="0" tag="651"><subfield code="a">Saint Louis Park (Minn.)</subfield><subfield code="v">Newspapers.</subfield></datafield><datafield ind1=" " ind2="7" tag="655"><subfield code="a">Newspapers.</subfield><subfield code="2">fast</subfield><subfield code="0">(OCoLC)fst01423814</subfield></datafield><datafield ind1=" " ind2="7" tag="651"><subfield code="a">Minnesota</subfield><subfield code="z">Edina.</subfield><subfield code="2">fast</subfield><subfield code="0">(OCoLC)fst01220182</subfield></datafield><datafield ind1=" " ind2="7" tag="651"><subfield code="a">Minnesota</subfield><subfield code="z">Saint Louis Park.</subfield><subfield code="2">fast</subfield><subfield code="0">(OCoLC)fst01232251</subfield></datafield><datafield ind1=" " ind2=" " tag="752"><subfield code="a">United States</subfield><subfield code="b">Minnesota</subfield><subfield code="c">Hennepin</subfield><subfield code="d">Edina.</subfield></datafield><datafield ind1=" " ind2=" " tag="752"><subfield code="a">United States</subfield><subfield code="b">Minnesota</subfield><subfield code="c">Hennepin</subfield><subfield code="d">Saint Louis Park.</subfield></datafield><datafield ind1="0" ind2="0" tag="780"><subfield code="t">Midweek sun (Edina, Minn. : St. Louis Park ed.)</subfield><subfield code="w">(DLC)sn 90060231</subfield></datafield><datafield ind1="0" ind2="7" tag="785"><subfield code="t">St. Louis Park sailor</subfield><subfield code="w">(DLC)sn 90060233</subfield></datafield><datafield ind1="0" ind2="7" tag="785"><subfield code="t">Sun St. Louis Park sailor</subfield><subfield code="w">(DLC)sn 90060234</subfield></datafield></record>